<?xml version="1.0" encoding="UTF-8"?><collection xmlns="http://www.loc.gov/MARC21/slim"><record><leader>00666nam--2200193-i-4500</leader><controlfield tag="001">000050055</controlfield><controlfield tag="002">20161230</controlfield><controlfield tag="005">20161230201048</controlfield><controlfield tag="008">060222s1000------------r-----000-0-eng-d</controlfield><datafield ind1=" " ind2=" " tag="040"><subfield code="a">IFIN-HH</subfield></datafield><datafield ind1=" " ind2=" " tag="080"><subfield code="a">537.52</subfield></datafield><datafield ind1="1" ind2=" " tag="100"><subfield code="a">Perovic, B</subfield></datafield><datafield ind1="1" ind2="0" tag="245"><subfield code="a">Phenomena in ionized gases</subfield><subfield code="b">Proceedings of the seventh international conference on phenomena in ionized gases beograd, 22-27 august 1965</subfield><subfield code="c">B. perovic, d. tosic (eds.)</subfield></datafield><datafield ind1=" " ind2=" " tag="260"><subfield code="a">Beograd</subfield><subfield code="b">Gradevinska Knjiga Publishing House</subfield><subfield code="c">1966</subfield></datafield><datafield ind1=" " ind2=" " tag="300"><subfield code="a">THREE VOLUMES</subfield></datafield><datafield ind1="1" ind2=" " tag="700"><subfield code="a">Tosic, D</subfield><subfield code="e">Ed</subfield></datafield><datafield ind1="1" ind2=" " tag="787"><subfield code="a">Volume Iii</subfield><subfield code="h">414p</subfield><subfield code="t">Diagostic Methods And Applicants</subfield></datafield><datafield ind1=" " ind2=" " tag="852"><subfield code="a">25346</subfield><subfield code="c">537.52</subfield></datafield><datafield ind1=" " ind2=" " tag="CAT"><subfield code="a">Sys</subfield><subfield code="c">20110804</subfield><subfield code="h">085153</subfield></datafield></record></collection>